<record xmlns="http://www.loc.gov/MARC21/slim" xmlns:xsi="http://www.w3.org/2001/XMLSchema-instance" xsi:schemaLocation="http://www.loc.gov/MARC21/slim http://www.loc.gov/standards/marcxml/schema/MARC21slim.xsd"><leader>     nam a22        4500</leader><controlfield tag="001">001686121</controlfield><controlfield tag="003">NNU</controlfield><controlfield tag="006">m        d        </controlfield><controlfield tag="007">cr cn |||m|||a</controlfield><controlfield tag="008">150313s1954    le      ob    001 0cara d</controlfield><datafield ind1=" " ind2=" " tag="040"><subfield code="a">NNU</subfield><subfield code="b">eng</subfield><subfield code="c">NNU</subfield></datafield><datafield ind1="0" ind2=" " tag="050"><subfield code="a">PJ7864.U693</subfield><subfield code="b">Z65</subfield></datafield><datafield ind1=" " ind2=" " tag="066"><subfield code="c">(3</subfield></datafield><datafield ind1=" " ind2=" " tag="090"><subfield code="a">PJ7864.U693</subfield><subfield code="b">Z65</subfield></datafield><datafield ind1="1" ind2=" " tag="100"><subfield code="6">880-01</subfield><subfield code="a">Farr&#363;kh, &#699;Umar,</subfield><subfield code="d">1906-</subfield></datafield><datafield ind1="1" ind2="0" tag="245"><subfield code="6">880-02</subfield><subfield code="a">Sh&#257;&#699;ir&#257;n mu&#699;&#257;&#7779;ir&#257;n Ibr&#257;h&#299;m &#7788;&#363;q&#257;n wa-Ab&#363; al-Q&#257;sim al-Sh&#257;bb&#299;</subfield><subfield code="h">[electronic resource] /</subfield><subfield code="c">ta&#700;l&#299;f &#699;Umar Farr&#363;kh.</subfield></datafield><datafield ind1="3" ind2=" " tag="246"><subfield code="a">Two Arab poets, Ibr&#257;h&#299;m Tuqan and Abu-l-Qasim ash-Sh&#257;bbi</subfield></datafield><datafield ind1="3" ind2=" " tag="246"><subfield code="a">Ibr&#226;h&#238;m T&#251;q&#226;n &amp; Abu-l-Q&#226;sim ash-Sh&#226;bbi</subfield></datafield><datafield ind1=" " ind2=" " tag="250"><subfield code="6">880-03</subfield><subfield code="a">al-&#7788;ab&#699;ah 1.</subfield></datafield><datafield ind1=" " ind2=" " tag="260"><subfield code="6">880-04</subfield><subfield code="a">Bayr&#363;t :</subfield><subfield code="b">al-Maktabah al-&#699;Ilm&#299;yah wa-Ma&#7789;ba&#699;atuh&#257;,</subfield><subfield code="c">1954.</subfield></datafield><datafield ind1=" " ind2=" " tag="300"><subfield code="a">online resource (259 p.)</subfield></datafield><datafield ind1=" " ind2=" " tag="500"><subfield code="a">Title on p. 4 of cover: Two Arab poets : Ibr&#226;h&#238;m T&#251;q&#226;n &amp; Abu-l-Q&#226;sim ash-Sh&#226;bbi.</subfield></datafield><datafield ind1=" " ind2=" " tag="500"><subfield code="a">Title and text in Arabic.</subfield></datafield><datafield ind1=" " ind2=" " tag="500"><subfield code="a">Part of the Arabic Collections Online (ACO) project, contributed by New York Univeristy Libraries.</subfield></datafield><datafield ind1=" " ind2=" " tag="504"><subfield code="a">Includes bibliographical references and index.</subfield></datafield><datafield ind1=" " ind2=" " tag="533"><subfield code="a">Electronic reproduction.</subfield><subfield code="b">New York, N.Y. :</subfield><subfield code="c">New York University,</subfield><subfield code="d">2015.</subfield><subfield code="5">NNU</subfield></datafield><datafield ind1="1" ind2="0" tag="600"><subfield code="a">&#7788;&#363;q&#257;n, Ibr&#257;h&#299;m &#699;Abd al-Fatt&#257;&#7717;,</subfield><subfield code="d">1905-1941.</subfield></datafield><datafield ind1="1" ind2="0" tag="600"><subfield code="a">Sh&#257;bb&#299;, Ab&#363; al-Q&#257;sim.</subfield></datafield><datafield ind1="2" ind2=" " tag="710"><subfield code="a">New York University.</subfield><subfield code="b">Libraries.</subfield></datafield><datafield ind1="0" ind2=" " tag="730"><subfield code="a">Arabic Collections Online.</subfield></datafield><datafield ind1="0" ind2="8" tag="776"><subfield code="i">Print version:</subfield><subfield code="a">Farr&#363;kh, &#699;Umar, 1906- 880-01</subfield><subfield code="t">Sh&#257;&#699;ir&#257;n mu&#699;&#257;&#7779;ir&#257;n Ibr&#257;h&#299;m &#7788;&#363;q&#257;n wa-Ab&#363; al-Q&#257;sim al-Sh&#257;bb&#299;</subfield><subfield code="w">(NNU)001686121</subfield><subfield code="w">(DLC)ne 64002189</subfield></datafield><datafield ind1="4" ind2="0" tag="856"><subfield code="u">http://hdl.handle.net/2333.1/fj6q59g5</subfield></datafield><datafield ind1="1" ind2=" " tag="880"><subfield code="6">100-01/</subfield><subfield code="a">&#1601;&#1585;&#1608;&#1582;&#1548; &#1593;&#1605;&#1585;.</subfield></datafield><datafield ind1="1" ind2="0" tag="880"><subfield code="6">245-02/</subfield><subfield code="a">&#1588;&#1575;&#1593;&#1585;&#1575;&#1606; &#1605;&#1593;&#1575;&#1589;&#1585;&#1575;&#1606; &#1575;&#1576;&#1585;&#1575;&#1607;&#1610;&#1605; &#1591;&#1608;&#1602;&#1575;&#1606; &#1608;&#1571;&#1576;&#1608; &#1575;&#1604;&#1602;&#1575;&#1587;&#1605; &#1575;&#1604;&#1588;&#1575;&#1576;&#1610; /</subfield><subfield code="c">&#1578;&#1571;&#1604;&#1610;&#1601; &#1593;&#1605;&#1585; &#1601;&#1585;&#1608;&#1582;.</subfield></datafield><datafield ind1=" " ind2=" " tag="880"><subfield code="6">250-03/</subfield><subfield code="a">&#1575;&#1604;&#1591;&#1576;&#1593;&#1577; 1.</subfield></datafield><datafield ind1=" " ind2=" " tag="880"><subfield code="6">260-04/</subfield><subfield code="a">&#1576;&#1610;&#1585;&#1608;&#1578; :</subfield><subfield code="b">&#1575;&#1604;&#1605;&#1603;&#1578;&#1576;&#1577; &#1575;&#1604;&#1593;&#1604;&#1605;&#1610;&#1577; &#1608;&#1605;&#1591;&#1576;&#1593;&#1578;&#1607;&#1575;&#1548;</subfield><subfield code="c">1954.</subfield></datafield><datafield ind1=" " ind2=" " tag="959"><subfield code="a">NNU</subfield><subfield code="b">WEB</subfield><subfield code="c">GENI</subfield><subfield code="t">0</subfield><subfield code="m">Electronic access</subfield><subfield code="s">01</subfield></datafield><datafield ind1=" " ind2=" " tag="999"><subfield code="i">NNU_001686121</subfield><subfield code="s">nyu_aco000578</subfield><subfield code="e">(ERROR-880)</subfield></datafield></record>